@article{bodnar2016evaluation,
  title={Evaluation of uncertainty in the adjustment of fundamental constants},
  author={Bodnar, Olha and Elster, Clemens and Fischer, Joachim and Possolo, Antonio and Toman, Blaza},
  journal={Metrologia},
  volume={53},
  number={1},
  pages={S46},
  year={2016},
  publisher={IOP Publishing},
  doi={10.1088/0026-1394/53/1/S46}
}
@article{dersimonian1986meta,
  title={Meta-analysis in clinical trials},
  author={DerSimonian, Rebecca and Laird, Nan},
  journal={Controlled clinical trials},
  volume={7},
  number={3},
  pages={177--188},
  year={1986},
  publisher={Elsevier},
  doi={10.1016/0197-2456(86)90046-2}
}

@article{jackson2010does,
  title={How does the DerSimonian and Laird procedure for random effects meta-analysis compare with its more efficient but harder to compute counterparts?},
  author={Jackson, Dan and Bowden, Jack and Baker, Rose},
  journal={Journal of Statistical Planning and Inference},
  volume={140},
  number={4},
  pages={961--970},
  year={2010},
  publisher={Elsevier},
  doi={10.1016/j.jspi.2009.09.017}
}

@article{sutton2001bayesian,
  title={Bayesian methods in meta-analysis and evidence synthesis},
  author={Sutton, Alex J and Abrams, Keith R},
  journal={Statistical methods in medical research},
  volume={10},
  number={4},
  pages={277--303},
  year={2001},
  publisher={Sage Publications Sage CA: Thousand Oaks, CA},
  doi={10.1177/096228020101000404}
}

@article{tiesinga2021codata,
  title={CODATA recommended values of the fundamental physical constants: 2018},
  author={Tiesinga, Eite and Mohr, Peter J and Newell, David B and Taylor, Barry N},
  journal={Journal of physical and chemical reference data},
  volume={50},
  number={3},
  year={2021},
  publisher={AIP Publishing},
  doi={10.1063/5.0064853}
}

@article{mohr2012codata,
  title={CODATA recommended values of the fundamental physical constants: 2010},
  author={Mohr, Peter J and Taylor, Barry N and Newell, David B},
  journal={Journal of physical and chemical reference data},
  volume={41},
  number={4},
  year={2012},
  publisher={AIP Publishing},
  doi={10.1063/1.4724320}
}

@article{bodnar2014adjustment,
  title={On the adjustment of inconsistent data using the Birge ratio},
  author={Bodnar, Olha and Elster, Clemens},
  journal={Metrologia},
  volume={51},
  number={5},
  pages={516},
  year={2014},
  publisher={IOP Publishing},
  doi={10.1088/0026-1394/51/5/516}
}

@article{mohr2005codata,
  title={CODATA recommended values of the fundamental physical constants: 2002},
  author={Mohr, Peter J and Taylor, Barry N},
  journal={Reviews of modern physics},
  volume={77},
  number={1},
  pages={1--107},
  year={2005},
  publisher={APS},
  doi={10.1103/RevModPhys.77.1}
}

@article{hartung1999alternative,
  title={An alternative method for meta-analysis},
  author={Hartung, Joachim},
  journal={Biometrical Journal: Journal of Mathematical Methods in Biosciences},
  volume={41},
  number={8},
  pages={901--916},
  year={1999},
  publisher={Wiley Online Library},
  doi={10.1002/(SICI)1521-4036(199912)41:8<901::AID-BIMJ901>3.0.CO;2-W}
}

@article{sidik2002simple,
  title={A simple confidence interval for meta-analysis},
  author={Sidik, Kurex and Jonkman, Jeffrey N},
  journal={Statistics in medicine},
  volume={21},
  number={21},
  pages={3153--3159},
  year={2002},
  publisher={Wiley Online Library},
  doi={10.1002/sim.1262}
}

@article{inthout2014hartung,
  title={The Hartung-Knapp-Sidik-Jonkman method for random effects meta-analysis is straightforward and considerably outperforms the standard DerSimonian-Laird method},
  author={IntHout, Joanna and Ioannidis, John PA and Borm, George F},
  journal={BMC medical research methodology},
  volume={14},
  pages={1--12},
  year={2014},
  publisher={Springer},
  doi={10.1186/1471-2288-14-25}
}

@article{wiksten2016hartung,
  title={Hartung--Knapp method is not always conservative compared with fixed-effect meta-analysis},
  author={Wiksten, Anna and R{\"u}cker, Gerta and Schwarzer, Guido},
  journal={Statistics in medicine},
  volume={35},
  number={15},
  pages={2503--2515},
  year={2016},
  publisher={Wiley Online Library},
  doi={10.1002/sim.6879}
}